%YAML 1.1
%TAG !u! tag:unity3d.com,2011:
--- !u!1 &1015886660510687710
GameObject:
  m_ObjectHideFlags: 0
  m_CorrespondingSourceObject: {fileID: 0}
  m_PrefabInstance: {fileID: 0}
  m_PrefabAsset: {fileID: 0}
  serializedVersion: 6
  m_Component:
  - component: {fileID: 7248491876028602097}
  - component: {fileID: 4944702149653628916}
  - component: {fileID: 8430011446571491343}
  - component: {fileID: 2422588673737390320}
  - component: {fileID: 2933888714293872572}
  - component: {fileID: 2680887786969849400}
  m_Layer: 7
  m_Name: Interactable1
  m_TagString: Interactable
  m_Icon: {fileID: 0}
  m_NavMeshLayer: 0
  m_StaticEditorFlags: 0
  m_IsActive: 1
--- !u!4 &7248491876028602097
Transform:
  m_ObjectHideFlags: 0
  m_CorrespondingSourceObject: {fileID: 0}
  m_PrefabInstance: {fileID: 0}
  m_PrefabAsset: {fileID: 0}
  m_GameObject: {fileID: 1015886660510687710}
  serializedVersion: 2
  m_LocalRotation: {x: 0, y: 0, z: 0, w: 1}
  m_LocalPosition: {x: 0, y: 0, z: 0}
  m_LocalScale: {x: 1, y: 1, z: 1}
  m_ConstrainProportionsScale: 0
  m_Children:
  - {fileID: 3684328400534700695}
  - {fileID: 8004653874400355334}
  - {fileID: 6535028836293043621}
  m_Father: {fileID: 0}
  m_LocalEulerAnglesHint: {x: 0, y: 0, z: 0}
--- !u!212 &4944702149653628916
SpriteRenderer:
  m_ObjectHideFlags: 0
  m_CorrespondingSourceObject: {fileID: 0}
  m_PrefabInstance: {fileID: 0}
  m_PrefabAsset: {fileID: 0}
  m_GameObject: {fileID: 1015886660510687710}
  m_Enabled: 0
  m_CastShadows: 0
  m_ReceiveShadows: 0
  m_DynamicOccludee: 1
  m_StaticShadowCaster: 0
  m_MotionVectors: 1
  m_LightProbeUsage: 1
  m_ReflectionProbeUsage: 1
  m_RayTracingMode: 0
  m_RayTraceProcedural: 0
  m_RenderingLayerMask: 1
  m_RendererPriority: 0
  m_Materials:
  - {fileID: 10754, guid: 0000000000000000f000000000000000, type: 0}
  m_StaticBatchInfo:
    firstSubMesh: 0
    subMeshCount: 0
  m_StaticBatchRoot: {fileID: 0}
  m_ProbeAnchor: {fileID: 0}
  m_LightProbeVolumeOverride: {fileID: 0}
  m_ScaleInLightmap: 1
  m_ReceiveGI: 1
  m_PreserveUVs: 0
  m_IgnoreNormalsForChartDetection: 0
  m_ImportantGI: 0
  m_StitchLightmapSeams: 1
  m_SelectedEditorRenderState: 0
  m_MinimumChartSize: 4
  m_AutoUVMaxDistance: 0.5
  m_AutoUVMaxAngle: 89
  m_LightmapParameters: {fileID: 0}
  m_SortingLayerID: 0
  m_SortingLayer: 0
  m_SortingOrder: 600
  m_Sprite: {fileID: 21300000, guid: c1643b8c666d62e4f99a334c871e234f, type: 3}
  m_Color: {r: 1, g: 1, b: 1, a: 1}
  m_FlipX: 0
  m_FlipY: 0
  m_DrawMode: 0
  m_Size: {x: 8, y: 8}
  m_AdaptiveModeThreshold: 0.5
  m_SpriteTileMode: 0
  m_WasSpriteAssigned: 1
  m_MaskInteraction: 0
  m_SpriteSortPoint: 0
--- !u!58 &8430011446571491343
CircleCollider2D:
  m_ObjectHideFlags: 0
  m_CorrespondingSourceObject: {fileID: 0}
  m_PrefabInstance: {fileID: 0}
  m_PrefabAsset: {fileID: 0}
  m_GameObject: {fileID: 1015886660510687710}
  m_Enabled: 1
  m_Density: 1
  m_Material: {fileID: 6200000, guid: 764d3b8aa119cf847b8a6f23640ac2e0, type: 2}
  m_IncludeLayers:
    serializedVersion: 2
    m_Bits: 0
  m_ExcludeLayers:
    serializedVersion: 2
    m_Bits: 0
  m_LayerOverridePriority: 0
  m_ForceSendLayers:
    serializedVersion: 2
    m_Bits: 4294967295
  m_ForceReceiveLayers:
    serializedVersion: 2
    m_Bits: 4294967295
  m_ContactCaptureLayers:
    serializedVersion: 2
    m_Bits: 4294967295
  m_CallbackLayers:
    serializedVersion: 2
    m_Bits: 4294967295
  m_IsTrigger: 0
  m_UsedByEffector: 0
  m_UsedByComposite: 0
  m_Offset: {x: 0, y: 0}
  serializedVersion: 2
  m_Radius: 0.5
--- !u!50 &2422588673737390320
Rigidbody2D:
  serializedVersion: 4
  m_ObjectHideFlags: 0
  m_CorrespondingSourceObject: {fileID: 0}
  m_PrefabInstance: {fileID: 0}
  m_PrefabAsset: {fileID: 0}
  m_GameObject: {fileID: 1015886660510687710}
  m_BodyType: 0
  m_Simulated: 1
  m_UseFullKinematicContacts: 0
  m_UseAutoMass: 0
  m_Mass: 1
  m_LinearDrag: 0
  m_AngularDrag: 0.05
  m_GravityScale: 1
  m_Material: {fileID: 0}
  m_IncludeLayers:
    serializedVersion: 2
    m_Bits: 0
  m_ExcludeLayers:
    serializedVersion: 2
    m_Bits: 0
  m_Interpolate: 1
  m_SleepingMode: 1
  m_CollisionDetection: 1
  m_Constraints: 0
--- !u!114 &2933888714293872572
MonoBehaviour:
  m_ObjectHideFlags: 0
  m_CorrespondingSourceObject: {fileID: 0}
  m_PrefabInstance: {fileID: 0}
  m_PrefabAsset: {fileID: 0}
  m_GameObject: {fileID: 1015886660510687710}
  m_Enabled: 1
  m_EditorHideFlags: 0
  m_Script: {fileID: 11500000, guid: d62860c7f9b19b44a8f9baafa9829ecf, type: 3}
  m_Name: 
  m_EditorClassIdentifier: 
  spriteRenderer: {fileID: 5386619778959025528}
  neutralSprite: {fileID: 21300000, guid: f2ffc23a98a4bf247805b3c845c31242, type: 3}
  flyingSprite:
  - {fileID: 21300000, guid: 2c353aae6d90cf340bacf31b3912fd7f, type: 3}
  - {fileID: 21300000, guid: 577f94ec35c163542a7a3ff7d025be60, type: 3}
  landedSprite:
  - {fileID: 21300000, guid: a37e5abf35c779f45a87107c5f9b0eae, type: 3}
  - {fileID: 21300000, guid: cd625b5abb07c8a469ba81ac80a1acb5, type: 3}
  rigidbody2D: {fileID: 2422588673737390320}
  collider2D: {fileID: 8430011446571491343}
  attachSounds:
  - {fileID: 11400000, guid: 2319d169ec32d49bc9fa618a4bd7dc27, type: 2}
  - {fileID: 11400000, guid: 7b979c7ba9a7d4d988a6ecec94a6a9fd, type: 2}
  - {fileID: 11400000, guid: 885c966c05a3b4df0b39f28f2040fcc4, type: 2}
  hitSounds:
  - {fileID: 11400000, guid: fceaa84cbb61343c7ad6e7104bb60f67, type: 2}
  - {fileID: 11400000, guid: b2ddadd35ac66411193147cf05d1e7a2, type: 2}
  - {fileID: 11400000, guid: ebab488e642e54d93bf4395ad98d7868, type: 2}
  hitWallSounds:
  - {fileID: 11400000, guid: 4e4f639c843454374b62553993e66cec, type: 2}
  - {fileID: 11400000, guid: d95ecf268ed0040fca00d514137fed48, type: 2}
  - {fileID: 11400000, guid: ccc30eb2125044253b1efeb4b54318ef, type: 2}
  trailParticle:
  - {fileID: 1946977853976957673}
  - {fileID: 3360290437383410506}
  weight: 1
  team: -1
  gravityEnabled: 0
  gravity: 5
  gravityIncrease: 1
  groundHits: 0
  isLanded: 0
  isFlying: 0
  slot: {fileID: 0}
--- !u!114 &2680887786969849400
MonoBehaviour:
  m_ObjectHideFlags: 0
  m_CorrespondingSourceObject: {fileID: 0}
  m_PrefabInstance: {fileID: 0}
  m_PrefabAsset: {fileID: 0}
  m_GameObject: {fileID: 1015886660510687710}
  m_Enabled: 1
  m_EditorHideFlags: 0
  m_Script: {fileID: 11500000, guid: 08c1954f2105be149bc56bfd758c7626, type: 3}
  m_Name: 
  m_EditorClassIdentifier: 
  shadowVisual: {fileID: 4649002809100753408, guid: 3b82f6b1599d30d4da2896c1896712e0,
    type: 3}
  groundLayer:
    serializedVersion: 2
    m_Bits: 512
--- !u!1 &1573548678472627101
GameObject:
  m_ObjectHideFlags: 0
  m_CorrespondingSourceObject: {fileID: 0}
  m_PrefabInstance: {fileID: 0}
  m_PrefabAsset: {fileID: 0}
  serializedVersion: 6
  m_Component:
  - component: {fileID: 3684328400534700695}
  - component: {fileID: 5386619778959025528}
  m_Layer: 7
  m_Name: VisualSprite
  m_TagString: Untagged
  m_Icon: {fileID: 0}
  m_NavMeshLayer: 0
  m_StaticEditorFlags: 0
  m_IsActive: 1
--- !u!4 &3684328400534700695
Transform:
  m_ObjectHideFlags: 0
  m_CorrespondingSourceObject: {fileID: 0}
  m_PrefabInstance: {fileID: 0}
  m_PrefabAsset: {fileID: 0}
  m_GameObject: {fileID: 1573548678472627101}
  serializedVersion: 2
  m_LocalRotation: {x: -0, y: -0, z: -0, w: 1}
  m_LocalPosition: {x: 0, y: 0, z: 0}
  m_LocalScale: {x: 0.5, y: 0.5, z: 1}
  m_ConstrainProportionsScale: 0
  m_Children: []
  m_Father: {fileID: 7248491876028602097}
  m_LocalEulerAnglesHint: {x: 0, y: 0, z: 0}
--- !u!212 &5386619778959025528
SpriteRenderer:
  m_ObjectHideFlags: 0
  m_CorrespondingSourceObject: {fileID: 0}
  m_PrefabInstance: {fileID: 0}
  m_PrefabAsset: {fileID: 0}
  m_GameObject: {fileID: 1573548678472627101}
  m_Enabled: 1
  m_CastShadows: 0
  m_ReceiveShadows: 0
  m_DynamicOccludee: 1
  m_StaticShadowCaster: 0
  m_MotionVectors: 1
  m_LightProbeUsage: 1
  m_ReflectionProbeUsage: 1
  m_RayTracingMode: 0
  m_RayTraceProcedural: 0
  m_RenderingLayerMask: 1
  m_RendererPriority: 0
  m_Materials:
  - {fileID: 10754, guid: 0000000000000000f000000000000000, type: 0}
  m_StaticBatchInfo:
    firstSubMesh: 0
    subMeshCount: 0
  m_StaticBatchRoot: {fileID: 0}
  m_ProbeAnchor: {fileID: 0}
  m_LightProbeVolumeOverride: {fileID: 0}
  m_ScaleInLightmap: 1
  m_ReceiveGI: 1
  m_PreserveUVs: 0
  m_IgnoreNormalsForChartDetection: 0
  m_ImportantGI: 0
  m_StitchLightmapSeams: 1
  m_SelectedEditorRenderState: 0
  m_MinimumChartSize: 4
  m_AutoUVMaxDistance: 0.5
  m_AutoUVMaxAngle: 89
  m_LightmapParameters: {fileID: 0}
  m_SortingLayerID: 0
  m_SortingLayer: 0
  m_SortingOrder: 500
  m_Sprite: {fileID: 21300000, guid: f2ffc23a98a4bf247805b3c845c31242, type: 3}
  m_Color: {r: 1, g: 1, b: 1, a: 1}
  m_FlipX: 0
  m_FlipY: 0
  m_DrawMode: 0
  m_Size: {x: 1, y: 1}
  m_AdaptiveModeThreshold: 0.5
  m_SpriteTileMode: 0
  m_WasSpriteAssigned: 1
  m_MaskInteraction: 0
  m_SpriteSortPoint: 0
--- !u!1001 &4740483927380665160
PrefabInstance:
  m_ObjectHideFlags: 0
  serializedVersion: 2
  m_Modification:
    serializedVersion: 3
    m_TransformParent: {fileID: 7248491876028602097}
    m_Modifications:
    - target: {fileID: 3377606596097951566, guid: 2ccaa97dc5de1f14c831818fdd2d8beb,
        type: 3}
      propertyPath: m_LocalPosition.x
      value: 0
      objectReference: {fileID: 0}
    - target: {fileID: 3377606596097951566, guid: 2ccaa97dc5de1f14c831818fdd2d8beb,
        type: 3}
      propertyPath: m_LocalPosition.y
      value: 0
      objectReference: {fileID: 0}
    - target: {fileID: 3377606596097951566, guid: 2ccaa97dc5de1f14c831818fdd2d8beb,
        type: 3}
      propertyPath: m_LocalPosition.z
      value: 0
      objectReference: {fileID: 0}
    - target: {fileID: 3377606596097951566, guid: 2ccaa97dc5de1f14c831818fdd2d8beb,
        type: 3}
      propertyPath: m_LocalRotation.w
      value: 1
      objectReference: {fileID: 0}
    - target: {fileID: 3377606596097951566, guid: 2ccaa97dc5de1f14c831818fdd2d8beb,
        type: 3}
      propertyPath: m_LocalRotation.x
      value: 0
      objectReference: {fileID: 0}
    - target: {fileID: 3377606596097951566, guid: 2ccaa97dc5de1f14c831818fdd2d8beb,
        type: 3}
      propertyPath: m_LocalRotation.y
      value: 0
      objectReference: {fileID: 0}
    - target: {fileID: 3377606596097951566, guid: 2ccaa97dc5de1f14c831818fdd2d8beb,
        type: 3}
      propertyPath: m_LocalRotation.z
      value: 0
      objectReference: {fileID: 0}
    - target: {fileID: 3377606596097951566, guid: 2ccaa97dc5de1f14c831818fdd2d8beb,
        type: 3}
      propertyPath: m_LocalEulerAnglesHint.x
      value: 0
      objectReference: {fileID: 0}
    - target: {fileID: 3377606596097951566, guid: 2ccaa97dc5de1f14c831818fdd2d8beb,
        type: 3}
      propertyPath: m_LocalEulerAnglesHint.y
      value: 0
      objectReference: {fileID: 0}
    - target: {fileID: 3377606596097951566, guid: 2ccaa97dc5de1f14c831818fdd2d8beb,
        type: 3}
      propertyPath: m_LocalEulerAnglesHint.z
      value: 0
      objectReference: {fileID: 0}
    - target: {fileID: 6542774846871335329, guid: 2ccaa97dc5de1f14c831818fdd2d8beb,
        type: 3}
      propertyPath: m_Name
      value: Trail_Blue_FX
      objectReference: {fileID: 0}
    - target: {fileID: 6542774846871335329, guid: 2ccaa97dc5de1f14c831818fdd2d8beb,
        type: 3}
      propertyPath: m_IsActive
      value: 1
      objectReference: {fileID: 0}
    m_RemovedComponents: []
    m_RemovedGameObjects: []
    m_AddedGameObjects: []
    m_AddedComponents: []
  m_SourcePrefab: {fileID: 100100000, guid: 2ccaa97dc5de1f14c831818fdd2d8beb, type: 3}
--- !u!1 &1946977853976957673 stripped
GameObject:
  m_CorrespondingSourceObject: {fileID: 6542774846871335329, guid: 2ccaa97dc5de1f14c831818fdd2d8beb,
    type: 3}
  m_PrefabInstance: {fileID: 4740483927380665160}
  m_PrefabAsset: {fileID: 0}
--- !u!4 &8004653874400355334 stripped
Transform:
  m_CorrespondingSourceObject: {fileID: 3377606596097951566, guid: 2ccaa97dc5de1f14c831818fdd2d8beb,
    type: 3}
  m_PrefabInstance: {fileID: 4740483927380665160}
  m_PrefabAsset: {fileID: 0}
--- !u!1001 &8389851339466810091
PrefabInstance:
  m_ObjectHideFlags: 0
  serializedVersion: 2
  m_Modification:
    serializedVersion: 3
    m_TransformParent: {fileID: 7248491876028602097}
    m_Modifications:
    - target: {fileID: 3377606596097951566, guid: 85d3a9528662d0a4ba69f42c643c8f53,
        type: 3}
      propertyPath: m_LocalPosition.x
      value: 0
      objectReference: {fileID: 0}
    - target: {fileID: 3377606596097951566, guid: 85d3a9528662d0a4ba69f42c643c8f53,
        type: 3}
      propertyPath: m_LocalPosition.y
      value: 0
      objectReference: {fileID: 0}
    - target: {fileID: 3377606596097951566, guid: 85d3a9528662d0a4ba69f42c643c8f53,
        type: 3}
      propertyPath: m_LocalPosition.z
      value: 0
      objectReference: {fileID: 0}
    - target: {fileID: 3377606596097951566, guid: 85d3a9528662d0a4ba69f42c643c8f53,
        type: 3}
      propertyPath: m_LocalRotation.w
      value: 1
      objectReference: {fileID: 0}
    - target: {fileID: 3377606596097951566, guid: 85d3a9528662d0a4ba69f42c643c8f53,
        type: 3}
      propertyPath: m_LocalRotation.x
      value: 0
      objectReference: {fileID: 0}
    - target: {fileID: 3377606596097951566, guid: 85d3a9528662d0a4ba69f42c643c8f53,
        type: 3}
      propertyPath: m_LocalRotation.y
      value: 0
      objectReference: {fileID: 0}
    - target: {fileID: 3377606596097951566, guid: 85d3a9528662d0a4ba69f42c643c8f53,
        type: 3}
      propertyPath: m_LocalRotation.z
      value: 0
      objectReference: {fileID: 0}
    - target: {fileID: 3377606596097951566, guid: 85d3a9528662d0a4ba69f42c643c8f53,
        type: 3}
      propertyPath: m_LocalEulerAnglesHint.x
      value: 0
      objectReference: {fileID: 0}
    - target: {fileID: 3377606596097951566, guid: 85d3a9528662d0a4ba69f42c643c8f53,
        type: 3}
      propertyPath: m_LocalEulerAnglesHint.y
      value: 0
      objectReference: {fileID: 0}
    - target: {fileID: 3377606596097951566, guid: 85d3a9528662d0a4ba69f42c643c8f53,
        type: 3}
      propertyPath: m_LocalEulerAnglesHint.z
      value: 0
      objectReference: {fileID: 0}
    - target: {fileID: 6542774846871335329, guid: 85d3a9528662d0a4ba69f42c643c8f53,
        type: 3}
      propertyPath: m_Name
      value: Trail_Yellow_FX
      objectReference: {fileID: 0}
    - target: {fileID: 6542774846871335329, guid: 85d3a9528662d0a4ba69f42c643c8f53,
        type: 3}
      propertyPath: m_IsActive
      value: 1
      objectReference: {fileID: 0}
    m_RemovedComponents: []
    m_RemovedGameObjects: []
    m_AddedGameObjects: []
    m_AddedComponents: []
  m_SourcePrefab: {fileID: 100100000, guid: 85d3a9528662d0a4ba69f42c643c8f53, type: 3}
--- !u!1 &3360290437383410506 stripped
GameObject:
  m_CorrespondingSourceObject: {fileID: 6542774846871335329, guid: 85d3a9528662d0a4ba69f42c643c8f53,
    type: 3}
  m_PrefabInstance: {fileID: 8389851339466810091}
  m_PrefabAsset: {fileID: 0}
--- !u!4 &6535028836293043621 stripped
Transform:
  m_CorrespondingSourceObject: {fileID: 3377606596097951566, guid: 85d3a9528662d0a4ba69f42c643c8f53,
    type: 3}
  m_PrefabInstance: {fileID: 8389851339466810091}
  m_PrefabAsset: {fileID: 0}
